<?xml version="1.0" encoding="UTF-8"?><record xmlns="http://www.loc.gov/MARC21/slim" xmlns:cinclude="http://apache.org/cocoon/include/1.0" xmlns:zs="http://www.loc.gov/zing/srw/">
  <leader>00335nz  a2200133n  4500</leader>
  <controlfield tag="001">no2012149033</controlfield>
  <controlfield tag="003">DLC</controlfield>
  <controlfield tag="005">20121122075305.0</controlfield>
  <controlfield tag="008">121120n| acannaabn          |n ana     c</controlfield>
  <datafield tag="010" ind1=" " ind2=" ">
    <subfield code="a">no2012149033</subfield>
  </datafield>
  <datafield tag="035" ind1=" " ind2=" ">
    <subfield code="a">(OCoLC)oca09350516</subfield>
  </datafield>
  <datafield tag="040" ind1=" " ind2=" ">
    <subfield code="a">ViNeC</subfield>
    <subfield code="b">eng</subfield>
    <subfield code="c">ViNeC</subfield>
  </datafield>
  <datafield tag="110" ind1="2" ind2=" ">
    <subfield code="a">Film City (Firm)</subfield>
  </datafield>
  <datafield tag="670" ind1=" " ind2=" ">
    <subfield code="a">Live/love, c2005:</subfield>
    <subfield code="b">credits (Film City)</subfield>
  </datafield>
</record>